@article{sun2015raptor,
  title={RAPTOR: routing attacks on privacy in tor},
  author={Sun, Yixin and Edmundson, Anne and Vanbever, Laurent and Li, Oscar and Rexford, Jennifer and Chiang, Mung and Mittal, Prateek},
  journal={arXiv preprint arXiv:1503.03940},
  year={2015}
}

@misc{indiahijack,
  title={Large Scale BGP Hijack out of India.},
  howpublished={\url{http://www.bgpmon.net/large-scale-bgp-hijack-out-of-india/}}
}

@misc{indosat2014,
  title={Hijack Event Today by Indosat},
  howpublished={\url{http://www.bgpmon.net/hijack-event-today-by-indosat/}}
}

@misc{bgpstream,
  title={BGP STREAM.},
  howpublished={\url{http://bgpstream.caida.org/}}
}

@misc{caida,
  title={The IPv4 Routed /24 Topology Dataset},
  howpublished={\url{http://www.caida.org/data/active/ipv4_routed_24_topology_dataset.xml}}
}

@misc{topology,
  title={CAIDA Internet Topology Map},
  howpublished={\url{https://www.caida.org/research/topology/}}
}

@misc{tormetrics,
  title={Tor Metrics},
  howpublished={\url{https://metrics.torproject.org/}}
}

@misc{torconsensus,
  title={Tor Consensus},
  howpublished={\url{https://collector.torproject.org/recent/relay-descriptors/consensuses/}}
}

@misc{malaysialeak,
  title={Massive Route Leak Causes Internet Slowdown.},
  howpublished={\url{http://www.bgpmon.net/massive-route-leak-cause-internet-slowdown/}}
}

@inproceedings{ballani2007study,
  title={A study of prefix hijacking and interception in the Internet},
  author={Ballani, Hitesh and Francis, Paul and Zhang, Xinyang},
  booktitle={ACM SIGCOMM Computer Communication Review},
  volume={37},
  number={4},
  pages={265--276},
  year={2007},
  organization={ACM}
}

@inproceedings{zhao2001analysis,
  title={An analysis of BGP multiple origin AS (MOAS) conflicts},
  author={Zhao, Xiaoliang and Pei, Dan and Wang, Lan and Massey, Dan and Mankin, Allison and Wu, S Felix and Zhang, Lixia},
  booktitle={Proceedings of the 1st ACM SIGCOMM Workshop on Internet Measurement},
  pages={31--35},
  year={2001},
  organization={ACM}
}

@article{starov2015measuring,
  title={Measuring and mitigating AS-level adversaries against Tor},
  author={Starov, Oleksii and Nithyanand, Rishab and Zair, Adva and Gill, Phillipa and Schapira, Michael},
  journal={arXiv preprint arXiv:1505.05173},
  year={2015}
}

@article{juen2014defending,
  title={Defending tor from network adversaries: A case study of network path prediction},
  author={Juen, Joshua and Das, Anupam and Johnson, Aaron and Borisov, Nikita and Caesar, Matthew},
  journal={arXiv preprint arXiv:1410.1823},
  year={2014}
}

@misc{internettopology,
  title={Internet AS-level Topology Archive},
  howpublished={\url{http://irl.cs.ucla.edu/topology/}}
}

@misc{staticroute,
  title={Protecting BGP Routes to Top-Level DNS Servers},
  howpublished={\url{http://web.cs.ucla.edu/~lixia/papers/03TPDS.pdf}}
}

@misc{bgpoptimizer,
  title={BGP Optimizer Causes Thousands of Fake Routes.},
  howpublished={\url{http://www.bgpmon.net/bgp-optimizer-causes-thousands-of-fake-routes/}}
}

@inproceedings{karlin2006pretty,
  title={Pretty good BGP: Improving BGP by cautiously adopting routes},
  author={Karlin, Josh and Forrest, Stephanie and Rexford, Jennifer},
  booktitle={Network Protocols, 2006. ICNP'06. Proceedings of the 2006 14th IEEE International Conference on},
  pages={290--299},
  year={2006},
  organization={IEEE}
}

@inproceedings{lad2007understanding,
  title={Understanding resiliency of internet topology against prefix hijack attacks},
  author={Lad, Mohit and Oliveira, Ricardo and Zhang, Beichuan and Zhang, Lixia},
  booktitle={Dependable Systems and Networks, 2007. DSN'07. 37th Annual IEEE/IFIP International Conference on},
  pages={368--377},
  year={2007},
  organization={IEEE}
}

@inproceedings{mahajan2002understanding,
  title={Understanding BGP misconfiguration},
  author={Mahajan, Ratul and Wetherall, David and Anderson, Tom},
  booktitle={ACM SIGCOMM Computer Communication Review},
  volume={32},
  number={4},
  pages={3--16},
  year={2002},
  organization={ACM}
}

@article{caesar2005bgp,
  title={BGP routing policies in ISP networks},
  author={Caesar, Matthew and Rexford, Jennifer},
  journal={Network, IEEE},
  volume={19},
  number={6},
  pages={5--11},
  year={2005},
  publisher={IEEE}
}

@article{lychev2013bgp,
  title={BGP security in partial deployment: is the juice worth the squeeze?},
  author={Lychev, Robert and Goldberg, Sharon and Schapira, Michael},
  journal={ACM SIGCOMM Computer Communication Review},
  volume={43},
  number={4},
  pages={171--182},
  year={2013},
  publisher={ACM}
}

@inproceedings{lad2006phas,
  title={PHAS: A Prefix Hijack Alert System.},
  author={Lad, Mohit and Massey, Daniel and Pei, Dan and Wu, Yiguo and Zhang, Beichuan and Zhang, Lixia},
  booktitle={Usenix Security},
  year={2006}
}

@inproceedings{zhang2008ispy,
  title={Ispy: detecting ip prefix hijacking on my own},
  author={Zhang, Zheng and Zhang, Ying and Hu, Y Charlie and Mao, Z Morley and Bush, Randy},
  booktitle={ACM SIGCOMM Computer Communication Review},
  volume={38},
  number={4},
  pages={327--338},
  year={2008},
  organization={ACM}
}

@inproceedings{zheng2007light,
  title={A light-weight distributed scheme for detecting IP prefix hijacks in real-time},
  author={Zheng, Changxi and Ji, Lusheng and Pei, Dan and Wang, Jia and Francis, Paul},
  booktitle={ACM SIGCOMM Computer Communication Review},
  volume={37},
  number={4},
  pages={277--288},
  year={2007},
  organization={ACM}
}

@inproceedings{qiu2007detecting,
  title={Detecting bogus BGP route information: Going beyond prefix hijacking},
  author={Qiu, Jian and Gao, Lixin and Ranjan, Supranamaya and Nucci, Antonio},
  booktitle={Security and Privacy in Communications Networks and the Workshops, 2007. SecureComm 2007. Third International Conference on},
  pages={381--390},
  year={2007},
  organization={IEEE}
}

@inproceedings{hu2007accurate,
  title={Accurate real-time identification of IP prefix hijacking},
  author={Hu, Xin and Mao, Z Morley},
  booktitle={Security and Privacy, 2007. SP'07. IEEE Symposium on},
  pages={3--17},
  year={2007},
  organization={IEEE}
}

@inproceedings{shi2012detecting,
  title={Detecting prefix hijackings in the internet with argus},
  author={Shi, Xingang and Xiang, Yang and Wang, Zhiliang and Yin, Xia and Wu, Jianping},
  booktitle={Proceedings of the 2012 ACM conference on Internet measurement conference},
  pages={15--28},
  year={2012},
  organization={ACM}
}

@inproceedings{sriram2009comparative,
  title={A comparative analysis of BGP anomaly detection and robustness algorithms},
  author={Sriram, Kotikapaludi and Borchert, Oliver and Kim, Okhee and Gleichmann, Patrick and Montgomery, Doug},
  booktitle={Conference For Homeland Security, 2009. CATCH'09. Cybersecurity Applications \& Technology},
  pages={25--38},
  year={2009},
  organization={IEEE}
}

@inproceedings{teoh2006bgp,
  title={BGP eye: a new visualization tool for real-time detection and analysis of BGP anomalies},
  author={Teoh, Soon Tee and Ranjan, Supranamaya and Nucci, Antonio and Chuah, Chen-Nee},
  booktitle={Proceedings of the 3rd international workshop on Visualization for computer security},
  pages={81--90},
  year={2006},
  organization={ACM}
}

@inproceedings{zhang2007practical,
  title={Practical defenses against BGP prefix hijacking},
  author={Zhang, Zheng and Zhang, Ying and Hu, Y Charlie and Mao, Z Morley},
  booktitle={Proceedings of the 2007 ACM CoNEXT conference},
  pages={3},
  year={2007},
  organization={ACM}
}

@article{van2007interdomain,
  title={On interdomain routing security and pretty secure BGP (psBGP)},
  author={van Oorschot, Paul C and Wan, Tao and Kranakis, Evangelos},
  journal={ACM Transactions on Information and System Security (TISSEC)},
  volume={10},
  number={3},
  pages={11},
  year={2007},
  publisher={ACM}
}

@inproceedings{hu2004spv,
  title={SPV: Secure path vector routing for securing BGP},
  author={Hu, Yih-Chun and Perrig, Adrian and Sirbu, Marvin},
  booktitle={ACM SIGCOMM Computer Communication Review},
  volume={34},
  number={4},
  pages={179--192},
  year={2004},
  organization={ACM}
}

@inproceedings{boldyreva2012provable,
  title={Provable security of S-BGP and other path vector protocols: model, analysis and extensions},
  author={Boldyreva, Alexandra and Lychev, Robert},
  booktitle={Proceedings of the 2012 ACM conference on Computer and communications security},
  pages={541--552},
  year={2012},
  organization={ACM}
}

@book{chan2006modeling,
  title={Modeling adoptability of secure BGP protocol},
  author={Chan, Haowen and Dash, Debabrata and Perrig, Adrian and Zhang, Hui},
  volume={36},
  number={4},
  year={2006},
  publisher={ACM}
}

@inproceedings{gill2011let,
  title={Let the market drive deployment: A strategy for transitioning to BGP security},
  author={Gill, Phillipa and Schapira, Michael and Goldberg, Sharon},
  booktitle={ACM SIGCOMM Computer Communication Review},
  volume={41},
  number={4},
  pages={14--25},
  year={2011},
  organization={ACM}
}

@misc{arnbak2014loopholes,
  title={Loopholes for circumventing the constitution: Warrantless bulk surveillance on americans by collecting network traffic abroad},
  author={Arnbak, Axel and Goldberg, Sharon},
  year={2014},
  publisher={HotPETs}
}

@inproceedings{qiu2009locating,
  title={Locating Prefix Hijackers using LOCK.},
  author={Qiu, Tongqing and Ji, Lusheng and Pei, Dan and Wang, Jia and Xu, Jun Jim and Ballani, Hitesh},
  booktitle={USENIX Security Symposium},
  pages={135--150},
  year={2009}
}

@inproceedings{zhang2009hc,
  title={HC-BGP: A light-weight and flexible scheme for securing prefix ownership},
  author={Zhang, Ying and Zhang, Zheng and Mao, Z Morley and Hu, Y Charlie},
  booktitle={Dependable Systems \& Networks, 2009. DSN'09. IEEE/IFIP International Conference on},
  pages={23--32},
  year={2009},
  organization={IEEE}
}

@inproceedings{mcarthur2009stealthy,
  title={Stealthy IP prefix hijacking: don't bite off more than you can chew},
  author={McArthur, Christian and Guirguis, Mina},
  booktitle={Global Telecommunications Conference, 2009. GLOBECOM 2009. IEEE},
  pages={1--6},
  year={2009},
  organization={IEEE}
}

@inproceedings{zhao2012relation,
  title={The Relation on Prefix Hijacking and the Internet Hierarchy},
  author={Zhao, Jinjing and Wen, Yan and Li, Xiang and Peng, Wei and Zhao, Feng},
  booktitle={Innovative Mobile and Internet Services in Ubiquitous Computing (IMIS), 2012 Sixth International Conference on},
  pages={415--420},
  year={2012},
  organization={IEEE}
}

@inproceedings{zhang2012studying,
  title={Studying impacts of prefix interception attack by exploring BGP AS-PATH prepending},
  author={Zhang, Ying and Pourzandi, Makan},
  booktitle={Distributed Computing Systems (ICDCS), 2012 IEEE 32nd International Conference on},
  pages={667--677},
  year={2012},
  organization={IEEE}
}

@inproceedings{zhao2012analysis,
  title={Analysis on the Effect of Prefix Hijacking Attack and Internet Hierarchy},
  author={Zhao, Jinjing and Wen, Yan},
  booktitle={Computer and Information Technology (CIT), 2012 IEEE 12th International Conference on},
  pages={375--382},
  year={2012},
  organization={IEEE}
}

@inproceedings{edman2009awareness,
  title={AS-awareness in Tor path selection},
  author={Edman, Matthew and Syverson, Paul},
  booktitle={Proceedings of the 16th ACM conference on Computer and communications security},
  pages={380--389},
  year={2009},
  organization={ACM}
}

@inproceedings{akhoondi2012lastor,
  title={Lastor: A low-latency AS-aware Tor client},
  author={Akhoondi, Masoud and Yu, Chu and Madhyastha, Harsha V},
  booktitle={Security and Privacy (SP), 2012 IEEE Symposium on},
  pages={476--490},
  year={2012},
  organization={IEEE}
}

@inproceedings{feamster2004location,
  title={Location diversity in anonymity networks},
  author={Feamster, Nick and Dingledine, Roger},
  booktitle={Proceedings of the 2004 ACM workshop on Privacy in the electronic society},
  pages={66--76},
  year={2004},
  organization={ACM}
}

@inproceedings{murdoch2007sampled,
  title={Sampled traffic analysis by internet-exchange-level adversaries},
  author={Murdoch, Steven J and Zieli{\'n}ski, Piotr},
  booktitle={Privacy Enhancing Technologies},
  pages={167--183},
  year={2007},
  organization={Springer}
}

@inproceedings{johnson2013users,
  title={Users get routed: Traffic correlation on Tor by realistic adversaries},
  author={Johnson, Aaron and Wacek, Chris and Jansen, Rob and Sherr, Micah and Syverson, Paul},
  booktitle={Proceedings of the 2013 ACM SIGSAC conference on Computer \& communications security},
  pages={337--348},
  year={2013},
  organization={ACM}
}

@techreport{dingledine2004tor,
  title={Tor: The second-generation onion router},
  author={Dingledine, Roger and Mathewson, Nick and Syverson, Paul},
  year={2004},
  institution={DTIC Document}
}

@incollection{shmatikov2006timing,
  title={Timing analysis in low-latency mix networks: Attacks and defenses},
  author={Shmatikov, Vitaly and Wang, Ming-Hsiu},
  booktitle={Computer Security--ESORICS 2006},
  pages={18--33},
  year={2006},
  publisher={Springer}
}

@inproceedings{syverson2001towards,
  title={Towards an analysis of onion routing security},
  author={Syverson, Paul and Tsudik, Gene and Reed, Michael and Landwehr, Carl},
  booktitle={Designing Privacy Enhancing Technologies},
  pages={96--114},
  year={2001},
  organization={Springer}
}
