@article{sun2015raptor,
  title={RAPTOR: routing attacks on privacy in tor},
  author={Sun, Yixin and Edmundson, Anne and Vanbever, Laurent and Li, Oscar and Rexford, Jennifer and Chiang, Mung and Mittal, Prateek},
  journal={arXiv preprint arXiv:1503.03940},
  year={2015}
}
